@article{hindley69principal,
  title = {The Principal Type-Scheme of an Object in Combinatory Logic},
  author = {J. Roger Hindley},
  journal = {Transactions of the American Mathematical Society},
  volume = {146},
  number = {},
  pages = {29-60},
  year = {1969},
  publisher = {American Mathematical Society}
}

@TECHREPORT{Cheney03first-classphantom,
    author = {James Cheney and Ralf Hinze},
    title = {First-class Phantom Types},
    type = {Technical Report CUCIS},
    number={TR2003-1901},
    institution = {Cornell University},
    year = {2003}
}

@inproceedings{dunfield2013complete,
 author = {Dunfield, Joshua and Krishnaswami, Neelakantan R.},
 title = {Complete and Easy Bidirectional Typechecking for Higher-rank Polymorphism},
 booktitle = {Proceedings of the 18th ACM SIGPLAN International Conference on Functional Programming},
 series = {ICFP '13},
 year = {2013},
 isbn = {978-1-4503-2326-0},
 pages = {429--442},
 numpages = {14},
 acmid = {2500582},
 publisher = {ACM},
 keywords = {bidirectional typechecking, higher-rank polymorphism},
}

@article{jones2007practical,
  title={Practical Type Inference for Arbitrary-Rank Types},
  author={Peyton Jones, Simon and Vytiniotis, Dimitrios and Weirich, Stephanie and Shields, Mark},
  journal={Journal of functional programming},
  volume={17},
  number={01},
  pages={1--82},
  year={2007},
  publisher={Cambridge Univ Press}
}

@inproceedings{odersky1996putting,
 author = {Odersky, Martin and L\"{a}ufer, Konstantin},
 title = {Putting Type Annotations to Work},
 booktitle = {Proceedings of the 23rd ACM SIGPLAN-SIGACT Symposium on Principles of Programming Languages},
 series = {POPL '96},
 year = {1996},
 isbn = {0-89791-769-3},
 pages = {54--67},
 numpages = {14},
 acmid = {237729},
 publisher = {ACM},
}


@article{mitchell1988polymorphic,
  title={Polymorphic type inference and containment},
  author={Mitchell, John C},
  journal={Information and Computation},
  volume={76},
  number={2-3},
  pages={211--249},
  year={1988},
  publisher={Elsevier}
}

@inproceedings{le2014mlf,
 author = {Le Botlan, Didier and R{\'e}my, Didier},
 title = {MLF: Raising ML to the Power of System F},
 booktitle = {Proceedings of the Eighth ACM SIGPLAN International Conference on Functional Programming},
 series = {ICFP '03},
 year = {2003},
 isbn = {1-58113-756-7},
 pages = {27--38},
 numpages = {12},
 acmid = {944709},
 publisher = {ACM},
 keywords = {ML, first-class polymorphism, second-order polymorphism, system F, type annotations, type inference},
}

@inproceedings{remy2008graphic,
 author = {R{\'e}my, Didier and Yakobowski, Boris},
 title = {From ML to MLF: Graphic Type Constraints with Efficient Type Inference},
 booktitle = {Proceedings of the 13th ACM SIGPLAN International Conference on Functional Programming},
 series = {ICFP '08},
 year = {2008},
 isbn = {978-1-59593-919-7},
 pages = {63--74},
 numpages = {12},
 acmid = {1411216},
 publisher = {ACM},
 keywords = {ML, MLF, binders, graphs, system F, type constraints, type generalization, type inference, type instantiation, types, unification},
}

@article{le2009recasting,
  title={Recasting MLF},
  author={Le Botlan, Didier and R{\'e}my, Didier},
  journal={Information and Computation},
  volume={207},
  number={6},
  pages={726--785},
  year={2009},
  publisher={Elsevier}
}

@inproceedings{leijen2009flexible,
 author = {Leijen, Daan},
 title = {Flexible Types: Robust Type Inference for First-class Polymorphism},
 booktitle = {Proceedings of the 36th Annual ACM SIGPLAN-SIGACT Symposium on Principles of Programming Languages},
 series = {POPL '09},
 year = {2009},
 isbn = {978-1-60558-379-2},
 pages = {66--77},
 numpages = {12},
 acmid = {1480891},
 publisher = {ACM},
 keywords = {first-class polymorphism, mlf, system f},
}

@article{wells1999typability,
  title={Typability and Type Checking in System F are Equivalent and Undecidable},
  author={Wells, Joe B},
  journal={Annals of Pure and Applied Logic},
  volume={98},
  number={1-3},
  pages={111--156},
  year={1999},
  publisher={Elsevier}
}

@inproceedings{vytiniotis2008fph,
author = {Vytiniotis, Dimitrios and Weirich, Stephanie and Peyton Jones, Simon},
 title = {FPH: First-class Polymorphism for Haskell},
 booktitle = {Proceedings of the 13th ACM SIGPLAN International Conference on Functional Programming},
 series = {ICFP '08},
 year = {2008},
 isbn = {978-1-59593-919-7},
 pages = {295--306},
 numpages = {12},
 acmid = {1411246},
 publisher = {ACM},
 keywords = {higher-rank types, impredicativity, type inference},
}


@article{pierce2000local,
  title={Local Type Inference},
  author={Pierce, Benjamin C and Turner, David N},
  journal={ACM Transactions on Programming Languages and Systems (TOPLAS)},
  volume={22},
  number={1},
  pages={1--44},
  year={2000},
  publisher={ACM}
}

@inproceedings{odersky2001colored,
 author = {Odersky, Martin and Zenger, Christoph and Zenger, Matthias},
 title = {Colored Local Type Inference},
 booktitle = {Proceedings of the 28th ACM SIGPLAN-SIGACT Symposium on Principles of Programming Languages},
 series = {POPL '01},
 year = {2001},
 isbn = {1-58113-336-7},
 pages = {41--53},
 numpages = {13},
 acmid = {360207},
 publisher = {ACM},
}


@inproceedings{dunfield2009greedy,
  title={Greedy Bidirectional Polymorphism},
  author={Dunfield, Joshua},
  booktitle={Proceedings of the 2009 ACM SIGPLAN workshop on ML},
  pages={15--26},
  year={2009},
  organization={ACM}
}

@techreport{cardelli1993implementation,
  title={An Implementation of FSub},
  author={Cardelli, Luca},
  year={1993},
  institution={Research Report 97, Digital Equipment Corporation Systems Research Center}
}

@inproceedings{dunfield2004tridirectional,
 author = {Dunfield, Joshua and Pfenning, Frank},
 title = {Tridirectional Typechecking},
 booktitle = {Proceedings of the 31st ACM SIGPLAN-SIGACT Symposium on Principles of Programming Languages},
 series = {POPL '04},
 year = {2004},
 isbn = {1-58113-729-X},
 pages = {281--292},
 numpages = {12},
 acmid = {964025},
 publisher = {ACM},
 keywords = {dependent types, intersection types, type refinements, union types},
}


@inproceedings{damas1982principal,
 author = {Damas, Luis and Milner, Robin},
 title = {Principal Type-schemes for Functional Programs},
 booktitle = {Proceedings of the 9th ACM SIGPLAN-SIGACT Symposium on Principles of Programming Languages},
 series = {POPL '82},
 year = {1982},
 isbn = {0-89791-065-6},
 pages = {207--212},
 numpages = {6},
 acmid = {582176},
 publisher = {ACM},
}

@article{girard1986system,
  title={The System F of Variable Types, Fifteen Years Later},
  author={Girard, Jean-Yves},
  journal={Theoretical computer science},
  volume={45},
  pages={159--192},
  year={1986},
  publisher={Elsevier}
}

@inproceedings{chen2003coercive,
 author = {Chen, Gang},
 title = {Coercive Subtyping for the Calculus of Constructions},
 booktitle = {Proceedings of the 30th ACM SIGPLAN-SIGACT Symposium on Principles of Programming Languages},
 series = {POPL '03},
 year = {2003},
 isbn = {1-58113-628-5},
 pages = {150--159},
 numpages = {10},
 acmid = {604145},
 publisher = {ACM},
 keywords = {calculus of constructions, coercion, semantics of coercions, subtyping, transitivity elimination},
}

@article{june1992type,
  title={Type Reconstruction Infinite Rank Fragments of Secondorder Lambda Calculus},
  author={June, AJ Kfoury},
  journal={Information and Computation98},
  pages={228--257},
  year={1992}
}

@article{kfoury1994direct,
  title={A Direct Algorithm for Type Inference in the Rank-2 Fragment of the Second-Order $\lambda$-calculus},
  author={Kfoury, Assaf J and Wells, Joe B},
  journal={ACM SIGPLAN Lisp Pointers},
  volume={7},
  number={3},
  pages={196--207},
  year={1994},
  publisher={ACM}
}

@article{jim1995rank,
  title={Rank 2 Type Systems and Recursive Definitions},
  author={Jim, Trevor},
  journal={Massachusetts Institute of Technology, Cambridge, MA},
  year={1995},
  publisher={Citeseer}
}

@inproceedings{tiuryn1996subtyping,
  title={The Subtyping Problem for Second-Order Types is Undecidable},
  author={Tiuryn, Jerzy and Urzyczyn, Pawel},
  booktitle={Logic in Computer Science, 1996. LICS'96. Proceedings., Eleventh Annual IEEE Symposium on},
  pages={74--85},
  year={1996},
  organization={IEEE}
}

@inproceedings{remy2005simple,
 author = {R{\'e}my, Didier},
 title = {Simple, Partial Type-inference for System F Based on Type-containment},
 booktitle = {Proceedings of the Tenth ACM SIGPLAN International Conference on Functional Programming},
 series = {ICFP '05},
 year = {2005},
 isbn = {1-59593-064-7},
 pages = {130--143},
 numpages = {14},
 acmid = {1086383},
 publisher = {ACM},
 keywords = {System F, elaboration, polymorphism, type containment, type inference, type reconstruction},
}

@article{vytiniotis2005practical,
  title={Practical type inference for arbitrary-rank types: Technical appendix},
  author={Vytiniotis, Dimitrios and Weirich, Stephanie C and Peyton Jones, Simon},
  journal={Technical Reports (CIS)},
  pages={58},
  year={2005}
}

@Misc{coqsite,
  title = {The \emph{Coq} Proof Assistant},
  author= {{C}oq {D}evelopment Team},
  note = {Documentation, system download.},
  year = {2015}
}

@inproceedings{davies2000intersection,
 author = {Davies, Rowan and Pfenning, Frank},
 title = {Intersection Types and Computational Effects},
 booktitle = {Proceedings of the Fifth ACM SIGPLAN International Conference on Functional Programming},
 series = {ICFP '00},
 year = {2000},
 isbn = {1-58113-202-6},
 pages = {198--208},
 numpages = {11},
 acmid = {351259},
 publisher = {ACM},
}

@inproceedings{xi1999dependent,
 author = {Xi, Hongwei and Pfenning, Frank},
 title = {Dependent Types in Practical Programming},
 booktitle = {Proceedings of the 26th ACM SIGPLAN-SIGACT Symposium on Principles of Programming Languages},
 series = {POPL '99},
 year = {1999},
 isbn = {1-58113-095-3},
 pages = {214--227},
 numpages = {14},
 acmid = {292560},
 publisher = {ACM},
}


@article{coquand1996algorithm,
  title={An Algorithm for Type-Checking Dependent Types},
  author={Coquand, Thierry},
  journal={Science of Computer Programming},
  volume={26},
  number={1-3},
  pages={167--177},
  year={1996},
  publisher={Elsevier}
}

@inproceedings{abel2008verifying,
  title={Verifying a Semantic $\beta$$\eta$-Conversion Test For Martin-L{\"o}f Type Theory},
  author={Abel, Andreas and Coquand, Thierry and Dybjer, Peter},
  booktitle={International Conference on Mathematics of Program Construction},
  pages={29--56},
  year={2008},
  organization={Springer}
}

@article{loh2010tutorial,
  title={A Tutorial Implementation of a Dependently Typed Lambda Calculus},
  author={L{\"o}h, Andres and McBride, Conor and Swierstra, Wouter},
  journal={Fundamenta informaticae},
  volume={102},
  number={2},
  pages={177--207},
  year={2010},
  publisher={IOS Press}
}

@article{asperti2012bi,
  title={A Bi-Directional Refinement Algorithm for the Calculus of (Co) Inductive Constructions},
  author={Asperti, Andrea and Ricciotti, Wilmer and Coen, Claudio Sacerdoti and Tassi, Enrico},
  year={2012},
  journal={Logical Methods in Computer Science},
  volume={8},
  pages={1--49},
  issn={1860-5974},
  publisher={Technischen Universitat Braunschweig},
}

@article{abel2004termination,
  title={Termination Checking with Types},
  author={Abel, Andreas},
  journal={RAIRO-Theoretical Informatics and Applications},
  volume={38},
  number={4},
  pages={277--319},
  year={2004},
  publisher={EDP Sciences}
}

@inproceedings{pientka2008type,
 author = {Pientka, Brigitte},
 title = {A Type-theoretic Foundation for Programming with Higher-order Abstract Syntax and First-class Substitutions},
 booktitle = {Proceedings of the 35th Annual ACM SIGPLAN-SIGACT Symposium on Principles of Programming Languages},
 series = {POPL '08},
 year = {2008},
 isbn = {978-1-59593-689-9},
 pages = {371--382},
 numpages = {12},
 acmid = {1328483},
 publisher = {ACM},
 keywords = {logical frameworks, type system},
}


@inproceedings{chlipala2005strict,
  title={Strict bidirectional type checking},
  author={Chlipala, Adam and Petersen, Leaf and Harper, Robert},
  booktitle={Proceedings of the 2005 ACM SIGPLAN international workshop on Types in languages design and implementation},
  pages={71--78},
  year={2005},
  organization={ACM}
}

@phdthesis{lovas2010refinement,
 author = {Lovas, William},
 advisor = {Pfenning, Frank},
 title = {Refinement Types for Logical Frameworks},
 year = {2010},
 isbn = {978-1-124-65341-9},
 note = {AAI3456011},
 publisher = {Carnegie Mellon University},
 school={Carnegie Mellon University}
}

@article{coppo1981functional,
  title={Functional characters of solvable terms},
  author={Coppo, Mario and Dezani-Ciancaglini, Mariangiola and Venneri, Betti},
  journal={Mathematical Logic Quarterly},
  volume={27},
  number={2-6},
  pages={45--58},
  year={1981},
  publisher={Wiley Online Library}
}

@article{pottinger1980type,
  title={A Type Assignment for the Strongly Normalizable $\lambda$-terms},
  author={Pottinger, Garrel},
  journal={To HB Curry: essays on combinatory logic, lambda calculus and formalism},
  pages={561--577},
  year={1980}
}

@article{severi1994pure,
  title={Pure Type Systems with Definitions},
  author={Severi, Paula and Poll, Erik},
  journal={Logical Foundations of Computer Science},
  pages={316--328},
  year={1994},
  publisher={Springer}
}

@inproceedings{peyton2006simple,
 author = {Peyton Jones, Simon and Vytiniotis, Dimitrios and Weirich, Stephanie and Washburn, Geoffrey},
 title = {Simple Unification-based Type Inference for GADTs},
 booktitle = {Proceedings of the Eleventh ACM SIGPLAN International Conference on Functional Programming},
 series = {ICFP '06},
 year = {2006},
 isbn = {1-59593-309-3},
 pages = {50--61},
 numpages = {12},
 acmid = {1159811},
 publisher = {ACM},
 keywords = {generalized algebraic data types, type inference},
}


@inproceedings{schrijvers2009complete,
 author = {Schrijvers, Tom and Peyton Jones, Simon and Sulzmann, Martin and Vytiniotis, Dimitrios},
 title = {Complete and Decidable Type Inference for GADTs},
 booktitle = {Proceedings of the 14th ACM SIGPLAN International Conference on Functional Programming},
 series = {ICFP '09},
 year = {2009},
 isbn = {978-1-60558-332-7},
 pages = {341--352},
 numpages = {12},
 acmid = {1596599},
 publisher = {ACM},
 keywords = {GADTs, Haskell, type inference},
}

@article{roorda2007pure,
  title={Pure Type Systems for Functional Programming},
  author={Roorda, J-W and Jeuring, JT},
  year={2007}
}

@article{barendregt1991introduction,
  title={Introduction to Generalized Type Systems},
  author={Barendregt, Henk},
  journal={Journal of functional programming},
  volume={1},
  number={2},
  pages={125--154},
  year={1991},
  publisher={Cambridge University Press}
}