@inproceedings{asperti2006crafting,
  title={Crafting a proof assistant},
  author={Asperti, Andrea and Coen, Claudio Sacerdoti and Tassi, Enrico and Zacchiroli, Stefano},
  booktitle={International Workshop on Types for Proofs and Programs},
  pages={18--32},
  year={2006},
  organization={Springer}
}

@article{brady2013idris,
  title={Idris, a general-purpose dependently typed programming language: Design and implementation},
  author={Brady, Edwin},
  journal={Journal of Functional Programming},
  volume={23},
  number={05},
  pages={552--593},
  year={2013},
  publisher={Cambridge Univ Press}
}

@incollection{norell2009dependently,
  title={Dependently typed programming in Agda},
  author={Norell, Ulf},
  booktitle={Advanced Functional Programming},
  pages={230--266},
  year={2009},
  publisher={Springer}
}

@inproceedings{ziliani2015unification,
  title={A unification algorithm for Coq featuring universe polymorphism and overloading},
  author={Ziliani, Beta and Sozeau, Matthieu},
  booktitle={ACM SIGPLAN Notices},
  volume={50},
  number={9},
  pages={179--191},
  year={2015},
  organization={ACM}
}

@inproceedings{van2013explicit,
  title={Explicit convertibility proofs in pure type systems},
  author={van Doorn, Floris and Geuvers, Herman and Wiedijk, Freek},
  booktitle={Proceedings of the Eighth ACM SIGPLAN international workshop on Logical frameworks \& meta-languages: theory \& practice},
  pages={25--36},
  year={2013},
  organization={ACM}
}

@inproceedings{kimmell2012equational,
  title={Equational reasoning about programs with general recursion and call-by-value semantics},
  author={Kimmell, Garrin and Stump, Aaron and Eades III, Harley D and Fu, Peng and Sheard, Tim and Weirich, Stephanie and Casinghino, Chris and Sj{\"o}berg, Vilhelm and Collins, Nathan and Ahn, Ki Yung},
  booktitle={Proceedings of the sixth workshop on Programming languages meets program verification},
  pages={15--26},
  year={2012},
  organization={ACM}
}

@article{sjoberg2012irrelevance,
  title={Irrelevance, heterogeneous equality, and call-by-value dependent type systems},
  author={Sj{\"o}berg, Vilhelm and Casinghino, Chris and Ahn, Ki Yung and Collins, Nathan and Eades III, Harley D and Fu, Peng and Kimmell, Garrin and Sheard, Tim and Stump, Aaron and Weirich, Stephanie},
  journal={arXiv preprint arXiv:1202.2923},
  year={2012}
}

@inproceedings{dunfield2013complete,
 author = {Dunfield, Joshua and Krishnaswami, Neelakantan R.},
 title = {Complete and Easy Bidirectional Typechecking for Higher-rank Polymorphism},
 booktitle = {Proceedings of the 18th ACM SIGPLAN International Conference on Functional Programming},
 series = {ICFP '13},
 year = {2013},
 isbn = {978-1-4503-2326-0},
 pages = {429--442},
 numpages = {14},
 acmid = {2500582},
 publisher = {ACM},
 keywords = {bidirectional typechecking, higher-rank polymorphism},
}

@inproceedings{xi1999dependent,
  title={Dependent types in practical programming},
  author={Xi, Hongwei and Pfenning, Frank},
  booktitle={Proceedings of the 26th ACM SIGPLAN-SIGACT symposium on Principles of programming languages},
  pages={214--227},
  year={1999},
  organization={ACM}
}

@article{licata2005formulation,
  title={A formulation of Dependent ML with explicit equality proofs},
  author={Licata, Daniel R and Harper, Robert},
  year={2005}
}

@article{pasalic2006concoqtion,
  title={Concoqtion: Mixing dependent types and Hindley-Milner type inference},
  author={Pasalic, Emir and Siek, Jeremy and Taha, Walid},
  year={2006},
  publisher={Citeseer}
}

@inproceedings{mckinna2006dependent,
  title={Why dependent types matter},
  author={McKinna, James},
  booktitle={ACM Sigplan Notices},
  volume={41},
  number={1},
  pages={1--1},
  year={2006},
  organization={ACM}
}

@article{jones2007practical,
  title={Practical type inference for arbitrary-rank types},
  author={Jones, Simon Peyton and Vytiniotis, Dimitrios and Weirich, Stephanie and Shields, Mark},
  journal={Journal of functional programming},
  volume={17},
  number={01},
  pages={1--82},
  year={2007},
  publisher={Cambridge Univ Press}
}

@inproceedings{abel2011higher,
  title={Higher-order dynamic pattern unification for dependent types and records},
  author={Abel, Andreas and Pientka, Brigitte},
  booktitle={International Conference on Typed Lambda Calculi and Applications},
  pages={10--26},
  year={2011},
  organization={Springer}
}

@inproceedings{elliott1989higher,
  title={Higher-order unification with dependent function types},
  author={Elliott, Conal},
  booktitle={Rewriting Techniques and Applications},
  pages={121--136},
  year={1989},
  organization={Springer}
}

@inproceedings{gundry2010type,
  title={Type inference in context},
  author={Gundry, Adam and McBride, Conor and McKinna, James},
  booktitle={Proceedings of the third ACM SIGPLAN workshop on Mathematically structured functional programming},
  pages={43--54},
  year={2010},
  organization={ACM}
}